%%%%%%%%%%%%%%%%%% our papers %%%%%%%%%%%%%%%%%%%%%%555
@inproceedings{mendes2020cluster,
  title={A Cluster-Matching-Based Method for Video Face Recognition},
  author={P. {Mendes} and A. {Busson} and S. {Colcher} and D. {Schwabe} and A. {Guedes} and C. {Laufer}},
  booktitle={Proceedings of the Brazilian Symposium on Multimedia and the Web},
  pages={97--104},
  year={2020}
}

@INPROCEEDINGS{mendes2020ISM,
  author={P. {Mendes} and E. {Vieira} and A {Guedes} and A. {Busson} and S. {Colcher}},
  booktitle={2020 IEEE International Symposium on Multimedia (ISM)}, 
  title={A Clustering-Based Method for Automatic Educational Video Recommendation Using Deep Face-Features of Lecturers}, 
  year={2020},
  volume={},
  number={},
  pages={158-161},
  doi={10.1109/ISM.2020.00034}}

@INPROCEEDINGS{mendes2020authoring,
  author={P. {Mendes} and A. {Guedes} and D. {Moraes} and R. {Azevedo} and S. {Colcher}},
  booktitle={2020 IEEE International Conference on Multimedia   Expo Workshops (ICMEW)}, 
  title={An Authoring Model for Interactive 360 Videos}, 
  year={2020},
  volume={},
  number={},
  pages={1-6},
  doi={10.1109/ICMEW46912.2020.9105958}}
%%%%%%%%%%%%%%%  Intro %%%%%%%%%%%%%%%%%%%%%%%%%%%55

@article{dias2017approach,
  title   = {An approach to identify similarity among educational resources using external knowledge bases},
  author  = {Dias, Laura Lima and Barbosa, Jayme Siqueira and Barr{\'e}re, Eduardo and de Souza, Jairo Francisco},
  journal = {Brazilian Journal of Computers in Education},
  volume  = {25},
  number  = {02},
  pages   = {18},
  year    = {2017}
}

@article{hayati2011effect,
  title={The effect of films with and without subtitles on listening comprehension of EFL learners},
  author={Hayati, Abdolmajid and Mohmedi, Firooz},
  journal={British Journal of Educational Technology},
  volume={42},
  number={1},
  pages={181--192},
  year={2011},
  publisher={Wiley Online Library}
}

  
@article{agullo2019making,
  title={Making interaction with virtual reality accessible: rendering and guiding methods for subtitles},
  author={Agull{\'o}, Bel{\'e}n and Montagud, Mario and Fraile, Isaac},
  journal={AI EDAM},
  volume={33},
  number={4},
  pages={416--428},
  year={2019},
  publisher={Cambridge University Press}
} 


@INPROCEEDINGS{survey66,
  author={I. {Masi} and Y. {Wu} and T. {Hassner} and P. {Natarajan}},
  booktitle={2018 31st SIBGRAPI Conference on Graphics, Patterns and Images (SIBGRAPI)}, 
  title={Deep Face Recognition: A Survey}, 
  year={2018},
  volume={},
  number={},
  pages={471-478},
}

@ARTICLE{598229,
  author={Y. {Adini} and Y. {Moses} and S. {Ullman}},
  journal={IEEE Transactions on Pattern Analysis and Machine Intelligence}, 
  title={Face recognition: the problem of compensating for changes in illumination direction}, 
  year={1997},
  volume={19},
  number={7},
  pages={721-732},}
  
@article{dadi2016improved,
title={Improved face recognition rate using HOG features and SVM classifier},
author={Dadi, Harihara Santosh and Pillutla, GK Mohan},
journal={IOSR Journal of Electronics and Communication Engineering},
volume={11},
number={04},
pages={34--44},
year={2016}
}

@INPROCEEDINGS{ghosal,
  author={V. {Ghosal} and P. {Tikmani} and P. {Gupta}},
  booktitle={2009 Canadian Conference on Computer and Robot Vision}, 
  title={Face Classification Using Gabor Wavelets and Random Forest}, 
  year={2009},
  volume={},
  number={},
  pages={68-73},}

@inproceedings{hazelwood2018applied,
  title        = {Applied machine learning at facebook: A datacenter infrastructure perspective},
  author       = {Hazelwood, Kim and Bird, Sarah and Brooks, David and Chintala, Soumith and Diril, Utku and Dzhulgakov, Dmytro and Fawzy, Mohamed and Jia, Bill and Jia, Yangqing and Kalro, Aditya and others},
  booktitle    = {2018 IEEE International Symposium on High Performance Computer Architecture (HPCA)},
  pages        = {620--629},
  year         = {2018},
  organization = {IEEE}
}

%%%%%%%%%%%%%%%%%%% video actors clustering %%%%%%%

%%VGGFace2

@inproceedings{cao2018vggface2,
  title={Vggface2: A dataset for recognising faces across pose and age},
  author={Cao, Qiong and Shen, Li and Xie, Weidi and Parkhi, Omkar M and Zisserman, Andrew},
  booktitle={2018 13th IEEE International Conference on Automatic Face \& Gesture Recognition (FG 2018)},
  pages={67--74},
  year={2018},
  organization={IEEE}
}
%%mtcnn
@article{mtcnn,
    author={K. Zhang and Z. Zhang and Z. Li and Y. Qiao}, 
    journal={IEEE Signal Processing Letters}, 
    title={Joint Face Detection and Alignment Using Multitask Cascaded Convolutional Networks}, 
    year={2016}, 
    volume={23}, 
    number={10}, 
    pages={1499-1503}, 
    keywords={Benchmark testing;Computer architecture;Convolution;Detectors;Face;Face detection;Training;Cascaded convolutional neural network (CNN);face alignment;face detection}, 
    doi={10.1109/LSP.2016.2603342}, 
    ISSN={1070-9908}, 
    month={Oct}
}

%%senet
@inproceedings{senet,
  title={Squeeze-and-excitation networks},
  author={Hu, Jie and Shen, Li and Sun, Gang},
  booktitle={Proceedings of the IEEE conference on computer vision and pattern recognition},
  pages={7132--7141},
  year={2018}
}

%%resnet
@inproceedings{resnet,
  title={Deep residual learning for image recognition},
  author={He, Kaiming and Zhang, Xiangyu and Ren, Shaoqing and Sun, Jian},
  booktitle={Proceedings of the IEEE conference on computer vision and pattern recognition},
  pages={770--778},
  year={2016}
}

%%vgg16

@article{vgg16,
  title={Very deep convolutional networks for large-scale image recognition},
  author={Simonyan, Karen and Zisserman, Andrew},
  journal={arXiv preprint arXiv:1409.1556},
  year={2014}
}

%%affinity
@article{frey2007clustering,
  title={Clustering by passing messages between data points},
  author={Frey, Brendan J and Dueck, Delbert},
  journal={science},
  volume={315},
  number={5814},
  pages={972--976},
  year={2007},
  publisher={American Association for the Advancement of Science}
}

%% sklearn

@article{scikit-learn,
 title={Scikit-learn: Machine Learning in {P}ython},
 author={Pedregosa, F. and Varoquaux, G. and Gramfort, A. and Michel, V.
         and Thirion, B. and Grisel, O. and Blondel, M. and Prettenhofer, P.
         and Weiss, R. and Dubourg, V. and Vanderplas, J. and Passos, A. and
         Cournapeau, D. and Brucher, M. and Perrot, M. and Duchesnay, E.},
 journal={Journal of Machine Learning Research},
 volume={12},
 pages={2825--2830},
 year={2011}
}

%% ward criteria

@article{ward1963hierarchical,
  title={Hierarchical grouping to optimize an objective function},
  author={Ward Jr, Joe H},
  journal={Journal of the American statistical association},
  volume={58},
  number={301},
  pages={236--244},
  year={1963},
  publisher={Taylor \& Francis Group}
}

%% k-means
@article{lloyd1982least,
  title={Least squares quantization in PCM},
  author={Lloyd, Stuart},
  journal={IEEE transactions on information theory},
  volume={28},
  number={2},
  pages={129--137},
  year={1982},
  publisher={IEEE}
}
%%v-measure
@article{vmeasure,
  title={V-Measure: a conditional entropy-based external cluster evaluation},
  author={Hirschberg, Julia Bell and Rosenberg, Andrew},
  year={2007}
}
%f-measure
@article{van1979information,
  title={Information retrieval 2nd edition butterworths},
  author={Van Rijsbergen, CJ},
  journal={London available on internet},
  year={1979}
}

%%biology

@article{bio1,
  title={OncoNEM: inferring tumor evolution from single-cell sequencing data},
  author={Ross, Edith M and Markowetz, Florian},
  journal={Genome biology},
  volume={17},
  number={1},
  pages={1--14},
  year={2016},
  publisher={BioMed Central}
}

@article{bio2,
  title={Using neural networks for reducing the dimensions of single-cell RNA-Seq data},
  author={Lin, Chieh and Jain, Siddhartha and Kim, Hannah and Bar-Joseph, Ziv},
  journal={Nucleic acids research},
  volume={45},
  number={17},
  pages={e156--e156},
  year={2017},
  publisher={Oxford University Press}
}

%nlp

@article{nlp1,
  title={Linear algebraic structure of word senses, with applications to polysemy},
  author={Arora, Sanjeev and Li, Yuanzhi and Liang, Yingyu and Ma, Tengyu and Risteski, Andrej},
  journal={Transactions of the Association for Computational Linguistics},
  volume={6},
  pages={483--495},
  year={2018},
  publisher={MIT Press}
}

@article{nlp2,
  title={Take and took, gaggle and goose, book and read: Evaluating the utility of vector differences for lexical relation learning},
  author={Vylomova, Ekaterina and Rimell, Laura and Cohn, Trevor and Baldwin, Timothy},
  journal={arXiv preprint arXiv:1509.01692},
  year={2015}
}

%%document engineering

@article{doceng,
  title={Automated unsupervised authorship analysis using evidence accumulation clustering},
  author={Layton, Robert and Watters, Paul and Dazeley, Richard},
  journal={Natural Language Engineering},
  volume={19},
  number={1},
  pages={95--120},
  year={2013},
  publisher={Cambridge University Press}
}

%%silhouette
@article{rousseeuw1987silhouettes,
  title={Silhouettes: a graphical aid to the interpretation and validation of cluster analysis},
  author={Rousseeuw, Peter J},
  journal={Journal of computational and applied mathematics},
  volume={20},
  pages={53--65},
  year={1987},
  publisher={North-Holland}
}

%%dataset

@TechReport{LFWTech,
  author =       {Gary B. Huang and Manu Ramesh and Tamara Berg and Erik Learned-Miller},
  title =        {Labeled Faces in the Wild: A Database for Studying Face Recognition in Unconstrained Environments},
  institution =  {University of Massachusetts, Amherst},
  year =         2007,
  number =       {07-49},
  month =        {October}}
  
%%% 360 video %%%%%%%%%%%%%5

@article{montagud_culture_2020,
	title = {Culture 4 all: accessibility-enabled cultural experiences through immersive {VR360} content},
	issn = {1617-4917},
	shorttitle = {Culture 4 all},
	url = {https://doi.org/10.1007/s00779-019-01357-3},
	doi = {10.1007/s00779-019-01357-3},
	language = {en},
	urldate = {2020-09-11},
	journal = {Personal and Ubiquitous Computing},
	author = {Montagud, Mario and Orero, Pilar and Matamala, Anna},
	month = jan,
	year = {2020},
	keywords = {useful},
	file = {Montagud et al_2020_Culture 4 all.pdf:C\:\\Users\\paulo\\Zotero\\storage\\QWHBLKB7\\Montagud et al_2020_Culture 4 all.pdf:application/pdf}
}

%%%%%%%%%%%%%%%%%%%% 360 object detection %%%%%%%%%%%%%%%
@inproceedings{yang2018object,
  title={Object detection in equirectangular panorama},
  author={Yang, Wenyan and Qian, Yanlin and K{\"a}m{\"a}r{\"a}inen, Joni-Kristian and Cricri, Francesco and Fan, Lixin},
  booktitle={2018 24th International Conference on Pattern Recognition (ICPR)},
  pages={2190--2195},
  year={2018},
  organization={IEEE}
}

@book{snyder1987map,
  title={Map projections--A working manual},
  author={Snyder, John Parr},
  volume={1395},
  year={1987},
  publisher={US Government Printing Office}
}

@TechReport{fddbTech,
  author = {Vidit Jain and Erik Learned-Miller},
  title =  {FDDB: A Benchmark for Face Detection in Unconstrained Settings},
  institution =  {University of Massachusetts, Amherst},
  year = {2010},
  number = {UM-CS-2010-009}
  }
  
  %%%% related work
  
  
@book{grother20172017,
  title={The 2017 IARPA Face Recognition Prize Challenge (FRPC)},
  author={Grother, Patrick and Grother, Patrick and Ngan, Mei and Hanaoka, Kayee and Boehnen, Chris and Ericson, Lars},
  year={2017},
  publisher={US Department of Commerce, National Institute of Standards and Technology}
}

@misc{findclone, title={Findclone}, url={https://findclone.ru/}, journal={Findclone}}


@article{globofacestream,
  title={Globo Face Stream: A System for Video Meta-data Generation in an Entertainment Industry Setting},
  author={Pena, Rafael and Ferreira, Felipe and Caroli, Frederico and Schirmer, Luiz and Lopes, Hélio  },
  journal={23 International Conference on Enterprise Information Systems (ICEIS)},
  year={2020},
}

@inproceedings{juefei2017local,
  title={Local binary convolutional neural networks},
  author={Juefei-Xu, Felix and Naresh Boddeti, Vishnu and Savvides, Marios},
  booktitle={Proceedings of the IEEE conference on computer vision and pattern recognition},
  pages={19--28},
  year={2017}
}

@inproceedings{krizhevsky2012imagenet,
  title={Imagenet classification with deep convolutional neural networks},
  author={Krizhevsky, Alex and Sutskever, Ilya and Hinton, Geoffrey E},
  booktitle={Advances in neural information processing systems},
  pages={1097--1105},
  year={2012}
}

@inproceedings{masi2018deep,
  title={Deep face recognition: A survey},
  author={Masi, Iacopo and Wu, Yue and Hassner, Tal and Natarajan, Prem},
  booktitle={2018 31st SIBGRAPI conference on graphics, patterns and images (SIBGRAPI)},
  pages={471--478},
  year={2018},
  organization={IEEE}
}

@inproceedings{taigman2014deepface,
  title={Deepface: Closing the gap to human-level performance in face verification},
  author={Taigman, Yaniv and Yang, Ming and Ranzato, Marc'Aurelio and Wolf, Lior},
  booktitle={Proceedings of the IEEE conference on computer vision and pattern recognition},
  pages={1701--1708},
  year={2014}
}

@inproceedings{sun2014deep,
  title={Deep learning face representation from predicting 10,000 classes},
  author={Sun, Yi and Wang, Xiaogang and Tang, Xiaoou},
  booktitle={Proceedings of the IEEE conference on computer vision and pattern recognition},
  pages={1891--1898},
  year={2014}
}

@inproceedings{schroff2015facenet,
  title={Facenet: A unified embedding for face recognition and clustering},
  author={Schroff, Florian and Kalenichenko, Dmitry and Philbin, James},
  booktitle={Proceedings of the IEEE conference on computer vision and pattern recognition},
  pages={815--823},
  year={2015}
}

@inproceedings{whitelam2017iarpa,
  title={Iarpa janus benchmark-b face dataset},
  author={Whitelam, Cameron and Taborsky, Emma and Blanton, Austin and Maze, Brianna and Adams, Jocelyn and Miller, Tim and Kalka, Nathan and Jain, Anil K and Duncan, James A and Allen, Kristen and others},
  booktitle={Proceedings of the IEEE Conference on Computer Vision and Pattern Recognition Workshops},
  pages={90--98},
  year={2017}
}

@inproceedings{yang2017neural,
  title={Neural aggregation network for video face recognition},
  author={Yang, Jiaolong and Ren, Peiran and Zhang, Dongqing and Chen, Dong and Wen, Fang and Li, Hongdong and Hua, Gang},
  booktitle={Proceedings of the IEEE conference on computer vision and pattern recognition},
  pages={4362--4371},
  year={2017}
}

@inproceedings{rao2017attention,
  title={Attention-aware deep reinforcement learning for video face recognition},
  author={Rao, Yongming and Lu, Jiwen and Zhou, Jie},
  booktitle={Proceedings of the IEEE international conference on computer vision},
  pages={3931--3940},
  year={2017}
}

@inproceedings{sohn2017unsupervised,
  title={Unsupervised domain adaptation for face recognition in unlabeled videos},
  author={Sohn, Kihyuk and Liu, Sifei and Zhong, Guangyu and Yu, Xiang and Yang, Ming-Hsuan and Chandraker, Manmohan},
  booktitle={Proceedings of the IEEE International Conference on Computer Vision},
  pages={3210--3218},
  year={2017}
}

@article{omisore2014personalized,
  title={Personalized Recommender System for Digital Libraries},
  author={Omisore, MO and Samuel, OW},
  journal={International Journal of Web-Based Learning and Teaching Technologies (IJWLTT)},
  volume={9},
  number={1},
  pages={18--32},
  year={2014},
  publisher={IGI Global}
}

@article{mahajan2015optimising,
  title={Optimising web usage mining for building adaptive e-learning site: a case study},
  author={Mahajan, Renuka and Sodhi, JS and Mahajan, Vishal},
  journal={International Journal of Innovation and Learning},
  volume={18},
  number={4},
  pages={471--486},
  year={2015},
  publisher={Inderscience Publishers (IEL)}
}


@article{barrere2020utilizaccao,
  title={Utiliza{\c{c}}{\~a}o de Enriquecimento Sem{\^a}ntico para a Recomenda{\c{c}}{\~a}o Autom{\'a}tica de Videoaulas no Moodle},
  author={Barr{\'e}re, Eduardo and de Souza, Jairo Francisco and Vitor, Marluce Aparecida and de Almeida, Miguel Alvim},
  journal={Revista Brasileira de Inform{\'a}tica na Educa{\c{c}}{\~a}o},
  volume={28},
  pages={319},
  year={2020}
}

%%%%%%%%%%%%%%%%%%%% subtitles %%%%%%%%%%%%%%%%

@inproceedings{brown_subtitles_2017,
	address = {New York, NY, USA},
	series = {{TVX} '17 {Adjunct}},
	title = {Subtitles in 360-degree {Video}},
	isbn = {978-1-4503-5023-5},
	url = {https://doi.org/10.1145/3084289.3089915},
	doi = {10.1145/3084289.3089915},
	urldate = {2020-09-10},
	booktitle = {Adjunct {Publication} of the 2017 {ACM} {International} {Conference} on {Interactive} {Experiences} for {TV} and {Online} {Video}},
	publisher = {Association for Computing Machinery},
	author = {Brown, Andy and Turner, Jayson and Patterson, Jake and Schmitz, Anastasia and Armstrong, Mike and Glancy, Maxine},
	month = jun,
	year = {2017},
	keywords = {user experience, 360-degree video, accessibility, hci., subtitles, vr, useful},
	pages = {3--8},
	file = {Brown et al_2017_Subtitles in 360-degree Video.pdf:C\:\\Users\\paulo\\Zotero\\storage\\UL9PGAUM\\Brown et al_2017_Subtitles in 360-degree Video.pdf:application/pdf}
}

@inproceedings{hughes_disruptive_2019,
	address = {New York, NY, USA},
	series = {{TVX} '19},
	title = {Disruptive {Approaches} for {Subtitling} in {Immersive} {Environments}},
	isbn = {978-1-4503-6017-3},
	url = {https://doi.org/10.1145/3317697.3325123},
	doi = {10.1145/3317697.3325123},
	urldate = {2020-09-10},
	booktitle = {Proceedings of the 2019 {ACM} {International} {Conference} on {Interactive} {Experiences} for {TV} and {Online} {Video}},
	publisher = {Association for Computing Machinery},
	author = {Hughes, Chris and Montagud Climent, Mario and tho Pesch, Peter},
	month = jun,
	year = {2019},
	keywords = {360 video, Accessibility, Immersive video, Subtitling, useful},
	pages = {216--229},
	file = {Hughes et al_2019_Disruptive Approaches for Subtitling in Immersive Environments.pdf:C\:\\Users\\paulo\\Zotero\\storage\\2TNPG8CN\\Hughes et al_2019_Disruptive Approaches for Subtitling in Immersive Environments.pdf:application/pdf}
}

@inproceedings{rothe2018positioning,
  title={Positioning of Subtitles in Cinematic Virtual Reality.},
  author={Rothe, Sylvia and Tran, Kim and Hussmann, Heinrich},
  booktitle={ICAT-EGVE},
  pages={1--8},
  year={2018}
}

@inproceedings{rothe_dynamic_2018,
	address = {New York, NY, USA},
	series = {{TVX} '18},
	title = {Dynamic {Subtitles} in {Cinematic} {Virtual} {Reality}},
	isbn = {978-1-4503-5115-7},
	url = {https://doi.org/10.1145/3210825.3213556},
	doi = {10.1145/3210825.3213556},
	urldate = {2020-09-10},
	booktitle = {Proceedings of the 2018 {ACM} {International} {Conference} on {Interactive} {Experiences} for {TV} and {Online} {Video}},
	publisher = {Association for Computing Machinery},
	author = {Rothe, Sylvia and Tran, Kim and Hussmann, Heinrich},
	month = jun,
	year = {2018},
	keywords = {360-degree video, subtitles, cinematic virtual reality, dynamic subtitles, presence, screen-referenced subtitles, sickness, speaker identification, static subtitles, task workload, useful},
	pages = {209--214},
	file = {Rothe et al_2018_Dynamic Subtitles in Cinematic Virtual Reality.pdf:C\:\\Users\\paulo\\Zotero\\storage\\TTCZZ8W8\\Rothe et al_2018_Dynamic Subtitles in Cinematic Virtual Reality.pdf:application/pdf}
}


@inproceedings{matos_dynamic_2018,
	address = {New York, NY, USA},
	series = {{Web3D} '18},
	title = {Dynamic annotations on an interactive web-based 360º video player},
	isbn = {978-1-4503-5800-2},
	url = {https://doi.org/10.1145/3208806.3208818},
	doi = {10.1145/3208806.3208818},
	urldate = {2020-09-10},
	booktitle = {Proceedings of the 23rd {International} {ACM} {Conference} on {3D} {Web} {Technology}},
	publisher = {Association for Computing Machinery},
	author = {Matos, Teresa and Nóbrega, Rui and Rodrigues, Rui and Pinheiro, Marisa},
	month = jun,
	year = {2018},
	keywords = {360° videos, annotations, virtual reality, webVR, useful},
	pages = {1--4},
	file = {Matos et al_2018_Dynamic annotations on an interactive web-based 360&#xb0\; video player.pdf:C\:\\Users\\paulo\\Zotero\\storage\\F37Y8LC4\\Matos et al_2018_Dynamic annotations on an interactive web-based 360&#xb0\; video player.pdf:application/pdf}
}





